@book{patterson2016computerARM,
  title={Computer organization and design ARM edition: the hardware software interface},
  author={Patterson, David A and Hennessy, John L},
  year={2016},
  publisher={Morgan kaufmann}
}

@article{pattersoncomputerRV,
  title={Computer Organization and Design RISC-V Edition: The Hardware Software Interface (The Morgan Kaufmann)},
  author={Patterson, David A and Hennessy, John L}
}

@misc{patterson2013computerMIPS,
  title={Computer Organization and Design: The Hardware/Software Interface},
  author={Patterson, David A and Hennessy, John L},
  year={2013},
  publisher={Morgan Kaufmann Publishers Inc.}
}

@book{harris2015digitalMIPS,
  title={Digital design and computer architecture},
  author={Harris, Sarah L and Harris, David},
  year={2015},
  publisher={Morgan Kaufmann}
}

@misc{harris2015digitalARM,
  title={Digital Design and Computer Architecture: ARM Edition},
  author={Harris, Sarah and Harris, David},
  year={2015},
  publisher={Morgan Kaufmann Publishers Inc.}
}

@book{harris2021digitalRV,
  title={Digital Design and Computer Architecture, RISC-V Edition},
  author={Harris, Sarah L and Harris, David},
  year={2021},
  publisher={Morgan Kaufmann}
}

@book{patterson2017risc,
  title={The RISC-V Reader: an open architecture Atlas},
  author={Patterson, David and Waterman, Andrew},
  year={2017},
  publisher={Strawberry Canyon}
}

@misc{hennessy2018computer,
  title={Computer architecture: a quantitative approach},
  author={Hennessy, John L and Patterson, David A},
  year={2018},
  publisher={Morgan Kaufmann}
}

@article{tanenbaum2015modern,
  title={Modern Operating Systems},
  author={Tanenbaum, AS and Bos, HJ},
  year={2015},
  publisher={Pearson Higher Education}
}

@book{anderson2014operating1,
  title={Operating Systems Principles \& Practice Volume I: Kernels and Processes},
  author={Anderson, Thomas and Dahlin, Mike},
  year={2014},
  publisher={Recursive books}
}

@article{andersonoperating2,
  title={Operating Systems Principles \& Practice Volume II: Concurrency},
  author={Anderson, Thomas and Dahlin, Mike}
}

@article{andersonoperating3,
  title={Operating Systems Principles \& Practice Volume III: Memory Management},
  author={Anderson, Thomas and Dahlin, Mike}
}

@article{andersonoperating4,
  title={Operating Systems Principles \& Practice Volume IV: Persistent Storage},
  author={Anderson, Thomas and Dahlin, Mike}
}

@article{kurosecomputer,
  title={Computer Networking: A Top Down Approach},
  author={Kurose, Jim and Ross, Keith and Addison-Wesley, July}
}

@article{aho2007compilers,
  title={Compilers: Principles, Techniques and Tools},
  author={Aho, A and Lam, M and Sethi, R and Ullman, J and Cooper, Keith and Torczon, Linda and Muchnick, S},
  year={2007},
  publisher={Addison-Wesley 2nd edition}
}

@article{gvero2013core1,
  title={Core Java Volume I: Fundamentals, by Cay S. Horstmann and Gary Cornell},
  author={Gvero, Igor},
  journal={ACM Sigsoft Software Engineering Notes},
  volume={38},
  number={3},
  pages={33--33},
  year={2013},
  publisher={ACM New York, NY, USA}
}

@article{tarimci2014core2,
  title={Core Java{\textregistered} volume II: advanced features by Cay S. Horstmann and Gary Cornell},
  author={Tar{\i}mc{\i}, Arzu Behiye},
  journal={ACM SIGSOFT Software Engineering Notes},
  volume={39},
  number={3},
  pages={24--25},
  year={2014},
  publisher={ACM New York, NY, USA}
}

@book{selfcultivation,
  title={\begin{CJK}{UTF8}{gbsn}程序员的自我修养: 链接, 装载与库\end{CJK}},
  author={\begin{CJK}{UTF8}{gbsn}俞甲子, 石凡, 潘爱民\end{CJK}},
  year={2009},
  publisher={\begin{CJK}{UTF8}{gbsn}电子工业出版社\end{CJK}}
}

@misc{levine264linkers,
  title={Linkers and Loaders,. 1999},
  author={Levine, JR},
  publisher={Morgan Kaufmann Publishers, Inc}
}

@book{stevens1992advanced,
  title={Advanced programming in the UNIX environment},
  author={Stevens, W Richard and Rago, Stephen A and Ritchie, Dennis M},
  volume={4},
  year={1992},
  publisher={Addison-Wesley New York.}
}

@book{ritchie1988c,
  title={The C programming language},
  author={Ritchie, Dennis M and Kernighan, Brian W and Lesk, Michael E},
  year={1988},
  publisher={Prentice Hall Englewood Cliffs}
}

@misc{stroustrup2013c++,
  title={The C++ Programming Language (hardcover)},
  author={Stroustrup, Bjarne},
  year={2013},
  publisher={Pearson Education Inc}
}

@misc{bryant2015computer,
  title={Computer Systems: A Programmer's Perspective},
  author={Bryant, Randal E and O'Hallaron, David R},
  year={2015},
  publisher={Pearson}
}

@book{sanders2010cuda,
  title={CUDA by example: an introduction to general-purpose GPU programming},
  author={Sanders, Jason and Kandrot, Edward},
  year={2010},
  publisher={Addison-Wesley Professional}
}

@book{brooks1995mythical,
  title={The mythical man-month: essays on software engineering},
  author={Brooks Jr, Frederick P},
  year={1995},
  publisher={Pearson Education}
}

@article{sipser1996introduction,
  title={Introduction to the Theory of Computation},
  author={Sipser, Michael},
  journal={ACM Sigact News},
  volume={27},
  number={1},
  pages={27--29},
  year={1996},
  publisher={ACM New York, NY, USA}
}

@book{cormen2009introduction,
  title={Introduction to algorithms},
  author={Cormen, Thomas H and Leiserson, Charles E and Rivest, Ronald L and Stein, Clifford},
  year={2009},
  publisher={MIT press}
}

@book{bloch2008effective,
  title={Effective java (the java series)},
  author={Bloch, Joshua},
  year={2008},
  publisher={Prentice Hall PTR}
}

@book{silberschatz2002database,
  title={Database system concepts},
  author={Silberschatz, Abraham and Korth, Henry F and Sudarshan, Shashank and others},
  volume={5}
}

@book{meyers2014effective,
  title={Effective modern C++: 42 specific ways to improve your use of C++ 11 and C++ 14},
  author={Meyers, Scott},
  year={2014},
  publisher={" O'Reilly Media, Inc."}
}

@book{meyers2005effective,
  title={Effective C++: 55 specific ways to improve your programs and designs},
  author={Meyers, Scott},
  year={2005},
  publisher={Pearson Education}
}

@book{meyers2001effective,
  title={Effective STL: 50 specific ways to improve your use of the standard template library},
  author={Meyers, Scott},
  year={2001},
  publisher={Pearson Education}
}

@book{urma2014java,
  title={Java 8 in action},
  author={Urma, Raoul-Gabriel and Fusco, Mario and Mycroft, Alan},
  year={2014},
  publisher={Manning publications}
}

@book{robert2018linux,
  title={Linux kernel development},
  author={Robert, Love},
  year={2018},
  publisher={Pearson Education India}
}

@book{stevens2018unixvolume1,
  title={UNIX Network Programming Volume 1},
  author={Stevens, W Richard and Fenner, Bill and Rudoff, Andrew M},
  year={2018},
  publisher={SMIT-SMU}
}

@misc{richard1999unixvolume2,
  title={UNIX Network Programming, Volume 2: Interprocess Communications},
  author={Richard, WS},
  year={1999},
  publisher={Prentice Hall, Englewood Cliffs, NJ}
}

@book{fall2011tcp,
  title={TCP/IP illustrated, volume 1: The protocols},
  author={Fall, Kevin R and Stevens, W Richard},
  year={2011},
  publisher={addison-Wesley}
}

@book{stevens1996tcp,
  title={TCP/IP Illustrated: volume 2},
  author={Stevens, W Richard and Wright, Gary R},
  year={1996},
  publisher={Addison-wesley}
}

@book{stevens2000tcp,
  title={TCP for transactions, HTTP, NNTP, and the UNIX domain protocols},
  author={Stevens, W Richard and Wright, Gary R},
  year={2000},
  publisher={Addison-Wesley}
}

@book{appel2004modern,
  title={Modern compiler implementation in C},
  author={Appel, Andrew W},
  year={2004},
  publisher={Cambridge university press}
}

@book{muchnick1997advanced,
  title={Advanced compiler design implementation},
  author={Muchnick, Steven and others},
  year={1997},
  publisher={Morgan kaufmann}
}

@book{bovet2005understanding,
  title={Understanding the Linux Kernel: from I/O ports to process management},
  author={Bovet, Daniel P and Cesati, Marco},
  year={2005},
  publisher={" O'Reilly Media, Inc."}
}

@book{rubini2001linux,
  title={Linux device drivers},
  author={Rubini, Alessandro and Corbet, Jonathan},
  year={2001},
  publisher={" O'Reilly Media, Inc."}
}

@book{benvenuti2006understanding,
  title={Understanding Linux network internals},
  author={Benvenuti, Christian},
  year={2006},
  publisher={" O'Reilly Media, Inc."}
}

@book{peterson1985operating,
  title={Operating system concepts},
  author={Peterson, James L and Silberschatz, Abraham},
  year={1985},
  publisher={Addison-Wesley Longman Publishing Co., Inc.}
}

@book{cooper2011engineering,
  title={Engineering a compiler},
  author={Cooper, Keith D and Torczon, Linda},
  year={2011},
  publisher={Elsevier}
}

@misc{appel2003modern,
  title={Modern Compiler Implementation in Java},
  author={Appel, Andrew W and Palsberg, Jens},
  year={2003},
  publisher={Cambridge University Press}
}

@book{appel1998modern,
  title={Modern Compiler Implementation in ML},
  author={Appel, Andrew W},
  year={1998},
  publisher={Cambridge University Press}
}

@book{ousterhout2018philosophy,
  title={A philosophy of software design},
  author={Ousterhout, John K},
  volume={98},
  year={2018},
  publisher={Yaknyam Press Palo Alto}
}

@book{pierce2002types,
  title={Types and programming languages},
  author={Pierce, Benjamin C},
  year={2002},
  publisher={MIT press}
}

@book{abelson1996structure,
  title={Structure and interpretation of computer programs},
  author={Abelson, Harold and Sussman, Gerald Jay},
  year={1996},
  publisher={The MIT Press}
}

@book{abelson2022structure,
  title={Structure and Interpretation of Computer Programs: JavaScript Edition},
  author={Abelson, Harold and Sussman, Gerald Jay and Henz, Martin and Wrigstad, Tobias},
  year={2022},
  publisher={MIT Press}
}

@book{kleppmann2017designing,
  title={Designing data-intensive applications: The big ideas behind reliable, scalable, and maintainable systems},
  author={Kleppmann, Martin},
  year={2017},
  publisher={" O'Reilly Media, Inc."}
}
